@inproceedings{yi2015survey,
  title={A survey of fog computing: concepts, applications and issues},
  author={Yi, Shanhe and Li, Cheng and Li, Qun},
  booktitle={Proceedings of the 2015 Workshop on Mobile Big Data},
  pages={37--42},
  year={2015},
  organization={ACM}
}


@inproceedings{yi2015fog,
  title={Fog computing: Platform and applications},
  author={Yi, Shanhe and Hao, Zijiang and Qin, Zhengrui and Li, Qun},
  booktitle={Hot Topics in Web Systems and Technologies (HotWeb), 2015 Third IEEE Workshop on},
  pages={73--78},
  year={2015},
  organization={IEEE}
}


@techreport{openface2016,
  title={OpenFace: A general-purpose face recognition
    library with mobile applications},
  author={Amos, Brandon and Bartosz Ludwiczuk and Satyanarayanan, Mahadev},
  year={2016},
  institution={CMU-CS-16-118, CMU School of Computer Science},
}

@online{unionMount,
  author = {},
  title = {Union Mount},
  url = {https://en.wikipedia.org/wiki/Union_mount},
}

@online{dockerlayer,
  author = {},
  title = {Docker Images and Containers},
  url = {https://docs.docker.com/engine/userguide/storagedriver/imagesandcontainers/#images-and-layers},
}


@online{phaul,
  author = {Pavel Emelyanov},
  title = {Live migration using CRIU },
  url = {https://github.com/xemul/p.haul},
}
@online{boucherPhaul,
  author = {Ross Boucher},
  title = {Live migration using CRIU },
  url = {https://github.com/boucher/p.haul},
}
@online{criu,
  author = {Pavel Emelyanov},
  title = { CRIU },
  url = {https://criu.org/Main_Page},
}
@online{tc,
  author = {Martin A. Brown},
  title = {Traffic Control HOWTO},
  url = {http://www.tldp.org/HOWTO/Traffic-Control-HOWTO/},
}

@article{satya2017edge,
  title={The Emergence of Edge Computing},
  author={Satyanarayanan, Mahadev},
  journal={Computer},
  volume={50},
  number={1},
  pages={30--39},
  year={2017},
  publisher={IEEE}
}


@techreport{ha2015vmhandoff,
  title={Adaptive vm handoff across cloudlets},
  author={Ha, Kiryong and Abe, Yoshihisa and Chen, Zhuo and Hu, Wenlu and Amos, Brandon and Pillai, Padmanabhan and Satyanarayanan, Mahadev},
  year={2015},
  institution={Technical Report CMU-CS-15-113, CMU School of Computer Science}
}

@inproceedings{abe2016urgent,
  title={Urgent virtual machine eviction with enlightened post-copy},
  author={Abe, Yoshihisa and Geambasu, Roxana and Joshi, Kaustubh and Satyanarayanan, Mahadev},
  booktitle={Proceedings of the12th ACM SIGPLAN/SIGOPS International Conference on Virtual Execution Environments},
  pages={51--64},
  year={2016},
  organization={ACM}
}

@article{satya2009case,
  title={The case for vm-based cloudlets in mobile computing},
  author={Satyanarayanan, Mahadev and Bahl, Paramvir and Caceres, Ram{\'o}n and Davies, Nigel},
  journal={IEEE pervasive Computing},
  volume={8},
  number={4},
  year={2009},
  publisher={IEEE}
}


@article{virtual2008,
  title={Virtual servers and checkpoint/restart in mainstream Linux},
  author={Bhattiprolu, Sukadev and Biederman, Eric W and Hallyn, Serge and Lezcano, Daniel},
  journal={ACM SIGOPS Operating Systems Review},
  volume={42},
  number={5},
  pages={104--113},
  year={2008},
  publisher={ACM}
}

@article{lxc2014,
  title={Linux containers and the future cloud},
  author={Rosen, Rami},
  journal={Linux J},
  volume={240},
  year={2014}
}


@online{wikiLivemig,
  author = {Wikipedia},
  title = {Live migration},
  url = {https://en.wikipedia.org/wiki/Live_migration},
}



@online{LXC,
  author = {},
  title = {LXC (LinuX Containers)},
  url = {https://en.wikipedia.org/wiki/LXC
},
}


@online{docker,
  author = {},
  title = {Docker},
  url = {https://en.wikipedia.org/wiki/Docker_(software)
},
}





